@inproceedings{DBLP:conf/msm/BellaachiaA14,
  author    = {Abdelghani Bellaachia and
               Mohammed Al{-}Dhelaan},
  title     = {HG-Rank: {A} Hypergraph-based Keyphrase Extraction for Short Documents
               in Dynamic Genre},
  booktitle = {Proceedings of the the 4th Workshop on Making Sense of Microposts
               co-located with the 23rd International World Wide Web Conference {(WWW}
               2014), Seoul, Korea, April 7th, 2014.},
  pages     = {42--49},
  year      = {2014},
  crossref  = {DBLP:conf/msm/2014},
  url       = {http://ceur-ws.org/Vol-1141/paper_06.pdf},
  timestamp = {Mon, 13 Jul 2015 17:43:46 +0200},
  biburl    = {http://dblp2.uni-trier.de/rec/bib/conf/msm/BellaachiaA14},
  bibsource = {dblp computer science bibliography, http://dblp.org}
}

@proceedings{DBLP:conf/msm/2014,
  editor    = {Matthew Rowe and
               Milan Stankovic and
               Aba{-}Sah Dadzie},
  title     = {Proceedings of the the 4th Workshop on Making Sense of Microposts
               co-located with the 23rd International World Wide Web Conference {(WWW}
               2014), Seoul, Korea, April 7th, 2014},
  series    = {{CEUR} Workshop Proceedings},
  volume    = {1141},
  publisher = {CEUR-WS.org},
  year      = {2014},
  url       = {http://ceur-ws.org/Vol-1141},
  timestamp = {Mon, 13 Jul 2015 17:36:57 +0200},
  biburl    = {http://dblp2.uni-trier.de/rec/bib/conf/msm/2014},
  bibsource = {dblp computer science bibliography, http://dblp.org}
}

